
@misc{API_OWID,
	title = {{API} - {ETL} documentation},
	author = {{Our World in Data}},
	url = {https://docs.owid.io/projects/etl/api/#installing},
	abstract = {Learn about the ETL pipeline at Our World in Data.},
	urldate = {2024-08-28},
}


@misc{article_UNEP,
author = {United Nations Environment Programme, Frankfurt School of Finance and Management, BloombergNEF},
title = {Global Trends in Renewable Energy Investment 2020},
year = {2020
,
2020},
abstract = {},
url = {https://wedocs.unep.org/20.500.11822/32700}
}

@misc{Nathan,
	author={Nathan Friend},
	title = {Nathan {Friend} / tree.nathanfriend.io · {GitLab}},
	url = {https://gitlab.com/nfriend/tree-online},
	abstract = {An online tree-like utility for generating ASCII folder structure diagrams. Written in TypeScript and},
	language = {fr},
	urldate = {2024-08-29},
	journal = {GitLab},
}

@misc{subprocess,
	author={documentation subprocess},
	title = {subprocess — {Subprocess} management},
	url = {https://docs.python.org/3/library/subprocess.html},
	abstract = {Source code: Lib/subprocess.py The subprocess module allows you to spawn new processes, connect to their input/output/error pipes, and obtain their return codes. This module intends to replace seve...},
	language = {en},
	urldate = {2024-08-29},
	journal = {Python documentation},
}


@misc{source_enrg,
	title = {Spécifications pour l’application  de la {Classification}-cadre des {Nations} {Unies}  pour l’énergie fossile et les réserves et ressources  minérales 2009 aux sources d’énergie renouvelables},
	abstract = {Le présent document fournit les Spécifications qui permettent l’application de la 
Classification-cadre des Nations Unies pour l’énergie fossile et les réserves et ressources 
minérales 2009 (CCNU-2009) incorporant les Spécifications pour son application 
(énoncées dans la série Énergie n
o
42 et dans la publication ECE/ENERGY/94 de la 
Commission économique pour l’Europe (CEE)) aux ressources énergétiques renouvelables. 
Le document est conçu de manière à être lu en parallèle avec la CCNU-2009 incorporant
les Spécifications pour son application et avec les spécifications harmonisées propres à des 
produits de base (en cours d’élaboration) pour certains types de ressources énergétiques 
renouvelables},
	publisher = {Nations Unies},
	author = {Equipe speciale chargée de l'application de la CCNU-2009 aux ressources énergétiques renouvelables},
	month = sep,
	year = {2016},
}

@misc{dotenve,
	title = {python-dotenv: {Read} key-value pairs from a .env file and set them as environment variables},
	copyright = {OSI Approved :: BSD License},
	shorttitle = {python-dotenv},
	url = {https://github.com/theskumar/python-dotenv},
	urldate = {2024-08-30},
	keywords = {environment variables,, deployments,, settings,, env,, dotenv,, configurations,, python, System - Systems Administration, Utilities},
}

@misc{noauthor_plotly_nodate,
	title = {Plotly},
	url = {https://plotly.com/python/},
	abstract = {Plotly's},
	urldate = {2024-08-30},
}



@misc{session,
	title = {Session {Basics} — {SQLAlchemy} 2.0 {Documentation}},
	url = {https://docs.sqlalchemy.org/en/20/orm/session_basics.html},
	urldate = {2024-08-30},
}

@misc{mapp,
	title = {Declarative {Mapping} {Styles} — {SQLAlchemy} 2.0 {Documentation}},
	url = {https://docs.sqlalchemy.org/en/20/orm/declarative_styles.html#orm-declarative-generated-base-class},
	urldate = {2024-08-30},
}


@misc{invest,
author = {United Nations Environment Programme, Frankfurt School of Finance and Management, BloombergNEF},
title = {Global Trends in Renewable Energy Investment 2020},
year = {2020
,
2020},
abstract = {},
url = {https://wedocs.unep.org/20.500.11822/32700}
}



@phdthesis{memoir,
	type = {Mémoire de stage ({M2})},
	title = {Etude statistique et développement d’indicateurs pour informer le grand public sur les énergies renouvelables },
	language = {Français},
	school = {Tours},
	author = {Ghaffour, Basma},
	year = {2024},
}

@phdthesis{beamer,
	type = {Support de présentation (soutenance)},
	title = {Etude statistique et développement d’indicateurs pour informer le grand public sur les énergies renouvelables },
	school = {Tours},
	author = {Ghaffour, Basma},
	month = sep,
	year = {2024},
}



